@article{knuth84,
  author = {Knuth, Donald E.},
  title = {Literate Programming},
  year = {1984},
  issue_date = {May 1984},
  publisher = {Oxford University Press, Inc.},
  address = {USA},
  volume = {27},
  number = {2},
  issn = {0010-4620},
  url = {https://doi.org/10.1093/comjnl/27.2.97},
  doi = {10.1093/comjnl/27.2.97},
  journal = {Comput. J.},
  month = may,
  pages = {97–111},
  numpages = {15}
}



@inbook{fagan2024,
	title = {Remote Sensing and Image Processing},
	author = {Fagan, Matthew E. and DeFries, Ruth S.},
	editor = {Scheiner, Samuel M.},
	year = {2024},
	month = {01},
	date = {2024-01-01},
	publisher = {Academic Press},
	pages = {432--445},
	doi = {10.1016/B978-0-12-822562-2.00060-8},
	url = {https://www.sciencedirect.com/science/article/pii/B9780128225622000608},
	note = {DOI: 10.1016/B978-0-12-822562-2.00060-8},
	address = {Oxford}
}

@misc{technolo,
	title = {Technology {\textendash} Balamis},
	url = {https://www.balamis.com/technology/},
	langid = {australian}
}

@misc{earthsciencedatasystems2019,
	title = {What is Remote Sensing? | Earthdata},
	author = {Earth Science Data Systems, NASA},
	year = {2019},
	month = {08},
	date = {2019-08-23},
	url = {https://www.earthdata.nasa.gov/learn/backgrounders/remote-sensing},
	note = {Publisher: Earth Science Data Systems, NASA},
	langid = {en}
}

@misc{remotes,
	title = {Remote Sensing from Space {\textendash} Paititi Research},
	url = {https://www.paititi.info/research-technology/remote-sensing-from-space/},
	langid = {australian}
}

@misc{geometri,
	title = {Geometric corrections - AWF-Wiki},
	url = {http://wiki.awf.forst.uni-goettingen.de/wiki/index.php/Geometric_corrections}
}

@misc{mariner,
	title = {Marine remote sensing toolkit},
	url = {https://sees-rsrc.science.uq.edu.au/rstoolkit/en/html/marine/resources/fundamentals/corrections/atmospheric_relative-1.html}
}

@misc{(26)atm,
	title = {(26) Atmospheric Correction | LinkedIn},
	url = {https://www.linkedin.com/pulse/atmospheric-correction-dinesh-shrestha/}
}

@misc{fig.3.,
	title = {Fig. 3. Overview of different supporting functions within GEE.},
	url = {https://www.researchgate.net/figure/Overview-of-different-supporting-functions-within-GEE_fig6_344056372},
	langid = {en}
}

@inproceedings{shi2016,
	title = {Remote Sensing of the Ocean, Sea Ice, Coastal Waters, and Large Water Regions 2016},
	author = {Shi, Liangliang and Mao, Zhihua and Chen, Peng and Han, {Sha'ou} and Gong, Fang and Zhu, Qiankun},
	year = {2016},
	month = {10},
	date = {2016-10-19},
	publisher = {SPIE},
	pages = {259--263},
	volume = {9999},
	doi = {10.1117/12.2241368},
	url = {https://www.spiedigitallibrary.org/conference-proceedings-of-spie/9999/999917/Comparison-and-evaluation-of-atmospheric-correction-algorithms-of-QUAC-DOS/10.1117/12.2241368.full}
}

@article{niraj2022,
	title = {A Comparison of Image-Based and Physics-Based Atmospheric Correction Methods for Extracting Snow and Vegetation Cover in Nepal Himalayas Using Landsat 8 OLI Images},
	author = {Niraj, K. C. and Gupta, Sharad Kumar and Shukla, Dericks Praise},
	year = {2022},
	month = {12},
	date = {2022-12-01},
	journal = {Journal of the Indian Society of Remote Sensing},
	pages = {2503--2521},
	volume = {50},
	number = {12},
	doi = {10.1007/s12524-022-01616-6},
	url = {https://doi.org/10.1007/s12524-022-01616-6},
	langid = {en}
}

@misc{atmosphe,
	title = {Atmospheric remote sensing toolkit},
	url = {https://sees-rsrc.science.uq.edu.au/rstoolkit/en/html/atmospheric/resources/fundamentals/corrections/physics-based.html}
}

@misc{gisgeography2015,
	title = {What is Atmospheric Correction in Remote Sensing?},
	author = {GISGeography, },
	year = {2015},
	month = {11},
	date = {2015-11-07},
	url = {https://gisgeography.com/atmospheric-correction/},
	langid = {canadian}
}

@article{ialongo2023,
	title = {Satellites capture socioeconomic disruptions during the 2022 full-scale war in Ukraine},
	author = {Ialongo, Iolanda and Bun, Rostyslav and Hakkarainen, Janne and Virta, Henrik and Oda, Tomohiro},
	year = {2023},
	month = {09},
	date = {2023-09-22},
	journal = {Scientific Reports},
	pages = {14954},
	volume = {13},
	number = {1},
	doi = {10.1038/s41598-023-42118-w},
	url = {https://www.nature.com/articles/s41598-023-42118-w},
	note = {Publisher: Nature Publishing Group},
	langid = {en}
}

@article{achour2022,
	title = {Evaluation and comparison of Sentinel-2 MSI, Landsat 8 OLI, and EFFIS data for forest fires mapping. Illustrations from the summer 2017 fires in Tunisia},
	author = {Achour, Hammadi and Toujani, Ahmed and Trabelsi, Hichem and Jaouadi, Wahbi},
	year = {2022},
	month = {12},
	date = {2022-12-12},
	journal = {Geocarto International},
	pages = {7021--7040},
	volume = {37},
	number = {24},
	doi = {10.1080/10106049.2021.1980118},
	url = {https://doi.org/10.1080/10106049.2021.1980118},
	note = {Publisher: Taylor & Francis
{\_}eprint: https://doi.org/10.1080/10106049.2021.1980118}
}

@misc{sentinel,
	title = {Sentinel-2 - Missions - Sentinel Online},
	url = {https://copernicus.eu/missions/sentinel-2},
	langid = {canadian}
}

@misc{landsat2021,
	title = {Landsat 8 | Landsat Science},
	year = {2021},
	month = {11},
	date = {2021-11-30},
	url = {https://landsat.gsfc.nasa.gov/satellites/landsat-8/},
	langid = {canadian}
}

@misc{universa,
	title = {Universal Sustainable Development Goals .:. Sustainable Development Knowledge Platform},
	url = {https://sustainabledevelopment.un.org/index.php?page=view&type=400&nr=1684&menu=1515}
}

@article{aimaiti2022,
	title = {War Related Building Damage Assessment in Kyiv, Ukraine, Using Sentinel-1 Radar and Sentinel-2 Optical Images},
	author = {Aimaiti, Yusupujiang and Sanon, Christina and Koch, Magaly and Baise, Laurie G. and Moaveni, Babak},
	year = {2022},
	month = {01},
	date = {2022-01},
	journal = {Remote Sensing},
	pages = {6239},
	volume = {14},
	number = {24},
	doi = {10.3390/rs14246239},
	url = {https://www.mdpi.com/2072-4292/14/24/6239},
	note = {Number: 24
Publisher: Multidisciplinary Digital Publishing Institute},
	langid = {en}
}

@article{savenets2023,
	title = {Remotely visible impacts on air quality after a year-round full-scale Russian invasion of Ukraine},
	author = {Savenets, Mykhailo and Osadchyi, Volodymyr and Komisar, Kateryna and Zhemera, Natalia and Oreshchenko, Andrii},
	year = {2023},
	month = {11},
	date = {2023-11-01},
	journal = {Atmospheric Pollution Research},
	pages = {101912},
	volume = {14},
	number = {11},
	doi = {10.1016/j.apr.2023.101912},
	url = {https://www.sciencedirect.com/science/article/pii/S1309104223002660}
}

@misc{malviya2020,
	title = {DECISION TREE},
	author = {Malviya, Nikita},
	year = {2020},
	month = {09},
	date = {2020-09-08},
	url = {https://medium.com/analytics-vidhya/decision-tree-2855f7e198f0},
	langid = {en}
}

@misc{kalam2021,
	title = {Random Forest Algorithm Quick Breakdown},
	author = {Kalam, Nazhim},
	year = {2021},
	month = {09},
	date = {2021-09-02},
	url = {https://nazhimkalam.medium.com/random-forest-algorithm-1c9235e9bc84},
	langid = {en}
}

@misc{mueller2021,
	title = {Support Vector Machines, Illustrated},
	author = {Mueller, Vincent},
	year = {2021},
	month = {11},
	date = {2021-11-01},
	url = {https://towardsdatascience.com/support-vector-machines-illustrated-b48a32c56388},
	langid = {en}
}

@article{loukika2021,
	title = {Analysis of Land Use and Land Cover Using Machine Learning Algorithms on Google Earth Engine for Munneru River Basin, India},
	author = {Loukika, Kotapati Narayana and Keesara, Venkata Reddy and Sridhar, Venkataramana},
	year = {2021},
	month = {01},
	date = {2021-01},
	journal = {Sustainability},
	pages = {13758},
	volume = {13},
	number = {24},
	doi = {10.3390/su132413758},
	url = {https://www.mdpi.com/2071-1050/13/24/13758},
	note = {Number: 24
Publisher: Multidisciplinary Digital Publishing Institute},
	langid = {en}
}

@article{pech-may2022,
	title = {Mapping of Land Cover with Optical Images, Supervised Algorithms, and Google Earth Engine},
	author = {Pech-May, Fernando and Aquino-Santos, {Raúl} and Rios-Toledo, German and {Posadas-Durán}, Juan Pablo Francisco},
	year = {2022},
	month = {01},
	date = {2022-01},
	journal = {Sensors},
	pages = {4729},
	volume = {22},
	number = {13},
	doi = {10.3390/s22134729},
	url = {https://www.mdpi.com/1424-8220/22/13/4729},
	note = {Number: 13
Publisher: Multidisciplinary Digital Publishing Institute},
	langid = {en}
}

@article{tamiminia2020,
	title = {Google Earth Engine for geo-big data applications: A meta-analysis and systematic review},
	author = {Tamiminia, Haifa and Salehi, Bahram and Mahdianpari, Masoud and Quackenbush, Lindi and Adeli, Sarina and Brisco, Brian},
	year = {2020},
	month = {06},
	date = {2020-06-01},
	journal = {ISPRS Journal of Photogrammetry and Remote Sensing},
	pages = {152--170},
	volume = {164},
	doi = {10.1016/j.isprsjprs.2020.04.001},
	url = {https://www.sciencedirect.com/science/article/pii/S0924271620300927}
}

@article{amani2020,
	title = {Google Earth Engine Cloud Computing Platform for Remote Sensing Big Data Applications: A Comprehensive Review},
	author = {Amani, Meisam and Ghorbanian, Arsalan and Ahmadi, Seyed Ali and Kakooei, Mohammad and Moghimi, Armin and Mirmazloumi, S. Mohammad and Moghaddam, Sayyed Hamed Alizadeh and Mahdavi, Sahel and Ghahremanloo, Masoud and Parsian, Saeid and Wu, Qiusheng and Brisco, Brian},
	year = {2020},
	date = {2020},
	journal = {IEEE Journal of Selected Topics in Applied Earth Observations and Remote Sensing},
	pages = {5326--5350},
	volume = {13},
	doi = {10.1109/JSTARS.2020.3021052},
	url = {https://ieeexplore.ieee.org/document/9184118},
	note = {Conference Name: IEEE Journal of Selected Topics in Applied Earth Observations and Remote Sensing}
}

@misc{stefanlang,
	title = {Object-based Image Analysis - An Introduction},
	author = {Stefan Lang, University of Salzburg},
	url = {https://eo4geocourses.github.io/PLUS_OBIA-Introduction/#/1},
	note = {Publisher: University of Salzburg},
	langid = {EN}
}

@misc{object-b,
	title = {Object-based Image Analysis},
	url = {https://www.gim-international.com/content/article/object-based-image-analysis},
	langid = {en}
}

@article{du2014,
	title = {Sub-pixel change detection for urban land-cover analysis via multi-temporal remote sensing images},
	author = {DU, Peijun and LIU, Sicong and LIU, Pei and TAN, Kun and CHENG, Liang},
	year = {2014},
	month = {01},
	date = {2014-01-02},
	journal = {Geo-spatial Information Science},
	pages = {26--38},
	volume = {17},
	number = {1},
	doi = {10.1080/10095020.2014.889268},
	url = {https://doi.org/10.1080/10095020.2014.889268},
	note = {Publisher: Taylor & Francis
{\_}eprint: https://doi.org/10.1080/10095020.2014.889268}
}

@article{qin2013,
	title = {Object-based land cover change detection for cross-sensor images},
	author = {Qin, Y. and Niu, Z. and Chen, F. and Li, B. and Ban, Y.},
	year = {2013},
	month = {10},
	date = {2013-10-10},
	journal = {International Journal of Remote Sensing},
	pages = {6723--6737},
	volume = {34},
	number = {19},
	doi = {10.1080/01431161.2013.805282},
	url = {https://doi.org/10.1080/01431161.2013.805282},
	note = {Publisher: Taylor & Francis
{\_}eprint: https://doi.org/10.1080/01431161.2013.805282}
}

@misc{sar,
	title = {SAR},
	url = {http://labs.cas.usf.edu/geodesy/sar.html}
}

@misc{earthsciencedatasystems2020,
	title = {What is Synthetic Aperture Radar? | Earthdata},
	author = {Earth Science Data Systems, NASA},
	year = {2020},
	month = {04},
	date = {2020-04-10},
	url = {https://www.earthdata.nasa.gov/learn/backgrounders/what-is-sar},
	note = {Publisher: Earth Science Data Systems, NASA},
	langid = {en}
}

@article{gong2012,
	title = {Change Detection in Synthetic Aperture Radar Images based on Image Fusion and Fuzzy Clustering},
	author = {Gong, Maoguo and Zhou, Zhiqiang and Ma, Jingjing},
	year = {2012},
	month = {04},
	date = {2012-04},
	journal = {IEEE Transactions on Image Processing},
	pages = {2141--2151},
	volume = {21},
	number = {4},
	doi = {10.1109/TIP.2011.2170702},
	url = {https://ieeexplore.ieee.org/document/6035777},
	note = {Conference Name: IEEE Transactions on Image Processing}
}

@inproceedings{shukla2023,
	title = {Deep Learning-Based Suppression of Speckle-Noise in Synthetic Aperture Radar (SAR) Images: A Comprehensive Review},
	author = {Shukla, Ashwani Kant and Dwivedi, Sanjay K. and Chandra, Ganesh and Shree, Raj},
	editor = {Kumar, Amit and Ghinea, Gheorghita and Merugu, Suresh and Hashimoto, Takako},
	year = {2023},
	date = {2023},
	publisher = {Springer Nature},
	pages = {693--705},
	doi = {10.1007/978-981-19-2358-6_62},
	address = {Singapore},
	langid = {en}
}
